@inproceedings{Ousterhout:2015:MSP:2789770.2789791,
 author = {Ousterhout, Kay and Rasti, Ryan and Ratnasamy, Sylvia and Shenker, Scott and Chun, Byung-Gon},
 title = {Making Sense of Performance in Data Analytics Frameworks},
 booktitle = {Proceedings of the 12th USENIX Conference on Networked Systems Design and Implementation},
 series = {NSDI'15},
 year = {2015},
 isbn = {978-1-931971-218},
 location = {Oakland, CA},
 pages = {293--307},
 numpages = {15},
 url = {http://dl.acm.org/citation.cfm?id=2789770.2789791},
 acmid = {2789791},
 publisher = {USENIX Association},
 address = {Berkeley, CA, USA},
} 

@misc{impala,
  howpublished = "\url{http://impala.io/}",
  key = "impala",
  title = "Impala"
}

@misc{redshift,
  howpublished = "\url{http://aws.amazon.com/redshift/}",
  key = "redshift",
  title = "Amazon AWS RedShift"
}

@misc{tez,
  howpublished = "\url{https://tez.apache.org/}",
  key = "tez",
  title = "{A}pache {T}ez"
}

@misc{amplab_benchmark,
  howpublished = "\url{https://amplab.cs.berkeley.edu/benchmark/}",
  key = "al",
  title = "AMPLAb Big Data Benchmark"
}

@misc{fb-dc,
  howpublished = "\url{https://code.facebook.com/posts/360346274145943/introducing-data-center\--fabric-the-next-generation-\-facebook-data-center-network/}",
  key = "fb-dc",
  title = "Introducing data center fabric, the next-generation Facebook data center network"
}

@misc{mellanox100g,
  howpublished = "\url{http://www.mellanox.com/page/products_dyn?product_family=201&mtag=connectx_4_vpi_card}",
  key = {mellanox},
  title = "Connect{X}-4 Single/Dual-Port Adapter supporting 100 {G}b/s with {VPI}"
}

@misc{ethernet400g,
  howpublished = "\url{http://www.ieee802.org/3/bs/index.html}",
  key = {ethernet400g},
  title = "{IEEE} {P}802.3bs 400 {G}b/s {E}thernet {T}ask {F}orce"
}

@misc{terabitethernet,
  howpublished = "\url{http://www.ethernetalliance.org/roadmap/}",
  key = "terabitethernet",
  title = "Ethernet Alliance Roadmap"
}

@article{Wulf:1995:HMW:216585.216588,
 author = {Wulf, Wm. A. and McKee, Sally A.},
 title = {Hitting the Memory Wall: Implications of the Obvious},
 journal = {SIGARCH Comput. Archit. News},
 issue_date = {March 1995},
 volume = {23},
 number = {1},
 month = mar,
 year = {1995},
 issn = {0163-5964},
 pages = {20--24},
 numpages = {5},
 url = {http://doi.acm.org/10.1145/216585.216588},
 doi = {10.1145/216585.216588},
 acmid = {216588},
 publisher = {ACM},
 address = {New York, NY, USA},
}

@inproceedings{Han:2013:NSR:2535771.2535778,
 author = {Han, Sangjin and Egi, Norbert and Panda, Aurojit and Ratnasamy, Sylvia and Shi, Guangyu and Shenker, Scott},
 title = {Network Support for Resource Disaggregation in Next-generation Datacenters},
 booktitle = {Proceedings of the Twelfth ACM Workshop on Hot Topics in Networks},
 series = {HotNets-XII},
 year = {2013},
 isbn = {978-1-4503-2596-7},
 location = {College Park, Maryland},
 pages = {10:1--10:7},
 articleno = {10},
 numpages = {7},
 url = {http://doi.acm.org/10.1145/2535771.2535778},
 doi = {10.1145/2535771.2535778},
 acmid = {2535778},
 publisher = {ACM},
 address = {New York, NY, USA},
} 

@inproceedings{Armbrust:2015:SSR:2723372.2742797,
 author = {Armbrust, Michael and Xin, Reynold S. and Lian, Cheng and Huai, Yin and Liu, Davies and Bradley, Joseph K. and Meng, Xiangrui and Kaftan, Tomer and Franklin, Michael J. and Ghodsi, Ali and Zaharia, Matei},
 title = {Spark SQL: Relational Data Processing in Spark},
 booktitle = {Proceedings of the 2015 ACM SIGMOD International Conference on Management of Data},
 series = {SIGMOD '15},
 year = {2015},
 isbn = {978-1-4503-2758-9},
 location = {Melbourne, Victoria, Australia},
 pages = {1383--1394},
 numpages = {12},
 url = {http://doi.acm.org/10.1145/2723372.2742797},
 doi = {10.1145/2723372.2742797},
 acmid = {2742797},
 publisher = {ACM},
 address = {New York, NY, USA},
 keywords = {data warehouse, databases, hadoop, machine learning, spark},
} 

@inproceedings{Zaharia:2010:SCC:1863103.1863113,
 author = {Zaharia, Matei and Chowdhury, Mosharaf and Franklin, Michael J. and Shenker, Scott and Stoica, Ion},
 title = {Spark: Cluster Computing with Working Sets},
 booktitle = {Proceedings of the 2Nd USENIX Conference on Hot Topics in Cloud Computing},
 series = {HotCloud'10},
 year = {2010},
 location = {Boston, MA},
 pages = {10--10},
 numpages = {1},
 url = {http://dl.acm.org/citation.cfm?id=1863103.1863113},
 acmid = {1863113},
 publisher = {USENIX Association},
 address = {Berkeley, CA, USA},
}

@misc{sparkUrl,
  title = {{Apache Spark version 1.3.0}},
  howpublished = "\url{https://github.com/apache/spark/tree/branch-1.3}",
}

@misc{sparkConfig,
  title = {{Apache Spark 1.3.0 Configuration}},
  howpublished = "\url{https://spark.apache.org/docs/1.3.0/configuration.html}",
}

@misc{WikiTmpfs,
  title = {{Tmpfs}},
  howpublished = "\url{http://en.wikipedia.org/wiki/Tmpfs}",
}

@misc{sparkCsv,
  title = {{Spark CSV}},
  howpublished = "\url{https://github.com/databricks/spark-csv}",
}

@misc{mccalpin1995stream,
  title={STREAM: Sustainable memory bandwidth in high performance computers},
  author={McCalpin, John D},
  howpublished = "\url{https://www.cs.virginia.edu/stream/}",
  year={1995}
}

@misc{bigDataBenchmark,
  title = {{Big Data Benchmark}},
  howpublished = "\url{https://amplab.cs.berkeley.edu/benchmark/}",
}

@misc{intelPerf,
  title = {{Intel Performance Counter Monitor - A better way to measure CPU utilization}},
  howpublished = "\url{https://software.intel.com/en-us/articles/intel-performance-counter-monitor/}",
}

@misc{streamScaling,
  title = {{stream-scaling}},
  howpublished = "\url{https://github.com/gregs1104/stream-scaling}",
}

@misc{hpProliant,
  title = {{Best Practice Guidelines for ProLiant Servers with the Intel Xeon 5500 processor series Engineering Whitepaper, 1st Edition, Figure 6}},
  howpublished = "\url{ftp://ftp.hp.com/pub/c-products/servers/options/Memory-Config\--Recommendations\--for-Intel-Xeon\--5500-Series-Servers-Rev1.pdf}",
}

@misc{mellanox,
  title = {{Mellanox Technologies: InfiniBand Switch Systems}},
  howpublished = "\url{http://www.mellanox.com/page/switch_systems_overview}",
}

@misc{cisco,
  title = {{Cisco Nexus 9500 Platform Switches}},
  howpublished = "\url{http://www.cisco.com/c/en/us/products/collateral/switches/nexus-9000-series-switches/datasheet-c78-729404.html}",
}

@misc{fb-yosemite,
  title = "Introducing Yosemite: the first open source modular chassis for high-powered microservers",
  howpublished = "\url{https://code.facebook.com/posts/1616052405274961/introducing-yosemite-\-the-first-open-source\--modular-chassis-for\--high-powered-microservers-/}"
}

@book{Hoelzle:2009:DCI:1643608,
 author = {Hoelzle, Urs and Barroso, Luiz Andre},
 title = {The Datacenter As a Computer: An Introduction to the Design of Warehouse-Scale Machines},
 year = {2009},
 isbn = {159829556X, 9781598295566},
 edition = {1st},
 publisher = {Morgan and Claypool Publishers},
}
